@book{backpropagation,
  title={Backpropagation: theory, architectures, and applications},
  author={Chauvin, Yves and Rumelhart, David E},
  year={1995},
  publisher={Psychology Press}
}