@article{minover,
  author={W Krauth and M Mezard},
  title={Learning algorithms with optimal stability in neural networks},
  journal={Journal of Physics A: Mathematical and General},
  volume={20},
  number={11},
  pages={L745},
  year={1987}
}

@article{rosenblatt,
  title={The perceptron: A probabilistic model for information storage and organization in the brain.},
  author={Rosenblatt, Frank},
  journal={Psychological review},
  volume={65},
  number={6},
  pages={386},
  year={1958},
  publisher={American Psychological Association}
}
